<record><leader>00000cas a22000007a 4500</leader><controlfield tag="001">1605619</controlfield><controlfield tag="008">750907d19001986mnuwr ne      0    0eng d</controlfield><datafield ind1=" " ind2=" " tag="010"><subfield code="a">sn 89081004 </subfield></datafield><datafield ind1=" " ind2=" " tag="040"><subfield code="a">MUL</subfield><subfield code="b">eng</subfield><subfield code="c">MUL</subfield><subfield code="d">MN#</subfield><subfield code="d">OCLCQ</subfield><subfield code="d">OCLCF</subfield><subfield code="d">OCLCO</subfield></datafield><datafield ind1=" " ind2=" " tag="042"><subfield code="a">msc</subfield></datafield><datafield ind1=" " ind2=" " tag="043"><subfield code="a">n-us-mn</subfield></datafield><datafield ind1=" " ind2=" " tag="052"><subfield code="a">4144</subfield><subfield code="b">R26</subfield></datafield><datafield ind1=" " ind2=" " tag="052"><subfield code="a">4143</subfield><subfield code="b">K4</subfield></datafield><datafield ind1="0" ind2="4" tag="245"><subfield code="a">The Raymond news.</subfield></datafield><datafield ind1=" " ind2=" " tag="260"><subfield code="a">Raymond, Kandiyohi Co., Minn. :</subfield><subfield code="b">H. Giesecke,</subfield><subfield code="c">-1986.</subfield></datafield><datafield ind1=" " ind2=" " tag="300"><subfield code="a">v.</subfield></datafield><datafield ind1=" " ind2=" " tag="310"><subfield code="a">Weekly</subfield></datafield><datafield ind1="1" ind2=" " tag="362"><subfield code="a">Began in Nov. 1900.</subfield></datafield><datafield ind1="0" ind2=" " tag="362"><subfield code="a">-v. 85, no. 40 (Apr. 16, 1986).</subfield></datafield><datafield ind1=" " ind2=" " tag="530"><subfield code="a">Available on microfilm from the Minnesota Historical Society.</subfield></datafield><datafield ind1=" " ind2=" " tag="588"><subfield code="a">Description based on: Vol. 30, no. 38 (Sept. 20, 1929).</subfield></datafield><datafield ind1=" " ind2="0" tag="651"><subfield code="a">Raymond (Minn.)</subfield><subfield code="v">Newspapers.</subfield></datafield><datafield ind1=" " ind2="7" tag="655"><subfield code="a">Newspapers.</subfield><subfield code="2">fast</subfield><subfield code="0">(OCoLC)fst01423814</subfield></datafield><datafield ind1=" " ind2="7" tag="651"><subfield code="a">Minnesota</subfield><subfield code="z">Raymond.</subfield><subfield code="2">fast</subfield><subfield code="0">(OCoLC)fst01254618</subfield></datafield><datafield ind1=" " ind2=" " tag="752"><subfield code="a">United States</subfield><subfield code="b">Minnesota</subfield><subfield code="c">Kandiyohi</subfield><subfield code="d">Raymond.</subfield></datafield><datafield ind1="0" ind2="0" tag="785"><subfield code="t">News (Raymond, Minn. : 1986)</subfield><subfield code="w">(DLC)sn 89081005</subfield></datafield></record>